<record><leader>00000cas a22000007a 4500</leader><controlfield tag="001">18400175</controlfield><controlfield tag="008">880825d19621964txuwr ne      0    0eng d</controlfield><datafield ind1=" " ind2=" " tag="010"><subfield code="a">sn 88084149 </subfield></datafield><datafield ind1=" " ind2=" " tag="040"><subfield code="a">PPM</subfield><subfield code="b">eng</subfield><subfield code="c">PPM</subfield><subfield code="d">OCLCQ</subfield></datafield><datafield ind1=" " ind2=" " tag="042"><subfield code="a">msc</subfield></datafield><datafield ind1="0" ind2="4" tag="245"><subfield code="a">The Kiowa Valley independent.</subfield></datafield><datafield ind1=" " ind2=" " tag="260"><subfield code="a">Darrouzett, Tex. :</subfield><subfield code="b">Gene Erlich,</subfield><subfield code="c">1962-1964.</subfield></datafield><datafield ind1=" " ind2=" " tag="310"><subfield code="a">Weekly</subfield></datafield><datafield ind1="0" ind2=" " tag="362"><subfield code="a">Vol. 1, no. 1 (Oct. 2, 1962) - v. 2, no. 27 (Apr. 2, 1964).</subfield></datafield><datafield ind1=" " ind2=" " tag="752"><subfield code="a">United States</subfield><subfield code="b">Texas</subfield><subfield code="c">Lipscomb</subfield><subfield code="d">Darrouzett.</subfield></datafield><datafield ind1="0" ind2="4" tag="785"><subfield code="a">Circle register</subfield></datafield></record>